<record xmlns="http://www.loc.gov/MARC21/slim" xmlns:xsi="http://www.w3.org/2001/XMLSchema-instance" xsi:schemaLocation="http://www.loc.gov/MARC21/slim http://www.loc.gov/standards/marcxml/schema/MARC21slim.xsd">

  <leader>00477nam a2200133Ia 4500</leader>
  <datafield tag="090" ind2=" " ind1=" ">
    <subfield code="a">CD #66</subfield>
  </datafield>
  <datafield ind2=" " ind1=" " tag="100">
    <subfield code="a">Rangel, Doralissa</subfield>
  </datafield>
  <datafield tag="245" ind2=" " ind1=" ">
    <subfield code="a">Cómo desarrollar líneas de investigación pertinentes Orientadas a la Institución y su entorno / </subfield>
    <subfield code="c">Doralissa Rangel</subfield>
  </datafield>
  <datafield ind2=" " ind1=" " tag="260">
    <subfield code="a">Costa Rica: </subfield>
    <subfield code="b">sin editorial, </subfield>
    <subfield code="c">sin fecha</subfield>
  </datafield>
  <datafield tag="500" ind1=" " ind2=" ">
    <subfield code="a">Presentación en power point 66 diapositivas / Taller líneas de investigación</subfield>
  </datafield>
  <datafield ind2=" " ind1=" " tag="650">
    <subfield code="a">TALLER </subfield>
  </datafield>
  <datafield ind1=" " ind2=" " tag="650">
    <subfield code="a"> INVESTIGACION</subfield>
  </datafield>
  <datafield ind1=" " ind2=" " tag="942">
    <subfield code="p">001966 </subfield>
  </datafield>
  <datafield ind2=" " ind1=" " tag="999">
    <subfield code="c">2514</subfield>
    <subfield code="d">2514</subfield>
  </datafield>
</record>